<?xml version="1.0" encoding="UTF-8"?>
<collection xmlns:xsi="http://www.w3.org/2001/XMLSchema-instance" xsi:schemaLocation="http://www.loc.gov/MARC21/slim http://www.loc.gov/standards/marcxml/schema/MARC21slim.xsd" xmlns="http://www.loc.gov/MARC21/slim">
<record>
  <leader>00787cam a22002291  4500</leader>
  <controlfield tag="001">2981762</controlfield>
  <controlfield tag="003">NNC</controlfield>
  <controlfield tag="005">20160623143829.0</controlfield>
  <controlfield tag="008">991123s1911    ua            000 0 ara d</controlfield>
  <datafield tag="035" ind1=" " ind2=" ">
    <subfield code="a">(OCoLC)ocm42873444</subfield>
  </datafield>
  <datafield tag="035" ind1=" " ind2=" ">
    <subfield code="9">ASM8896CU</subfield>
  </datafield>
  <datafield tag="035" ind1=" " ind2=" ">
    <subfield code="a">(NNC)2981762</subfield>
  </datafield>
  <datafield tag="040" ind1=" " ind2=" ">
    <subfield code="a">PUL</subfield>
    <subfield code="c">PUL</subfield>
    <subfield code="d">ZCU</subfield>
  </datafield>
  <datafield tag="090" ind1=" " ind2=" ">
    <subfield code="a">PJ7745.K8</subfield>
    <subfield code="b">A33</subfield>
  </datafield>
  <datafield tag="100" ind1="1" ind2=" ">
    <subfield code="a">Kushājim, Abu al-Fatḥ Maḥmūd ibn al-Ḥusayn,</subfield>
    <subfield code="d">-962.</subfield>
  </datafield>
  <datafield tag="245" ind1="1" ind2="0">
    <subfield code="a">Adab al-nudamāʾ wa-laṭāʾif al-ẓurafāʾ ...</subfield>
  </datafield>
  <datafield tag="260" ind1=" " ind2=" ">
    <subfield code="a">Alexandria:</subfield>
    <subfield code="b">Maṭbaʻat Jirjī Gharzūzī,</subfield>
    <subfield code="c">1329 [1911].</subfield>
  </datafield>
  <datafield tag="300" ind1=" " ind2=" ">
    <subfield code="a">112 p.</subfield>
    <subfield code="c">20 cm.</subfield>
  </datafield>
  <datafield tag="546" ind1=" " ind2=" ">
    <subfield code="a">Title-page and text in Arabic.</subfield>
  </datafield>
  <datafield tag="500" ind1=" " ind2=" ">
    <subfield code="a">Contains also the amplification of an ode by Abu Firās.</subfield>
  </datafield>
  <datafield tag="700" ind1="1" ind2=" ">
    <subfield code="a">Abū Firās al-Ḥamdānī, al-Ḥārith ibn Saʻīd,</subfield>
    <subfield code="d">932-968.</subfield>
  </datafield>
  <datafield tag="955" ind1=" " ind2=" ">
    <subfield code="b">0036761303</subfield>
    <subfield code="d">glx</subfield>
    <subfield code="e">PJ7745.K8 A33</subfield>
  </datafield>
</record>
</collection>